<?xml version="1.0" encoding="UTF-8"?><collection xmlns="http://www.loc.gov/MARC21/slim"><record><leader>00410nam--2200145-i-4500</leader><controlfield tag="001">000047968</controlfield><controlfield tag="002">20161230</controlfield><controlfield tag="005">20161230201046</controlfield><controlfield tag="008">060222s1000------------r-----000-0-eng-d</controlfield><datafield ind1=" " ind2=" " tag="080"><subfield code="a">538.123:530.19:517.947.42</subfield></datafield><datafield ind1="1" ind2=" " tag="100"><subfield code="a">Kellogg, Oliver Dimon</subfield></datafield><datafield ind1="1" ind2="0" tag="245"><subfield code="a">Foundations of potential theory</subfield></datafield><datafield ind1=" " ind2=" " tag="260"><subfield code="a">New York, Dover Publ., 1953, Ix+384p.With 30 Fig</subfield></datafield><datafield ind1=" " ind2=" " tag="852"><subfield code="a">12917</subfield><subfield code="c">517.53</subfield></datafield><datafield ind1=" " ind2=" " tag="CAT"><subfield code="a">Sys</subfield><subfield code="c">20080818</subfield><subfield code="h">101605</subfield></datafield></record></collection>